@article{staehle1943ability,
  title={Ability, wages, and income},
  author={Staehle, Hans},
  journal={The Review of Economics and Statistics},
  volume={25},
  number={1},
  pages={77--87},
  year={1943},
  publisher={JSTOR}
}

@article{becker1962investment,
  title={{Investment in Human Capital: A Theoretical Analysis}},
  author={Becker, Gary S},
  journal={The Journal of Political Economy},
  volume={70},
  number={5},
  pages={9--49},
  year={1962},
  publisher={JSTOR}
}

@article{mincer1958investment,
  title={{Investment in Human Capital and Personal Income Distribution}},
  author={Mincer, Jacob A},
  journal={The Journal of Political Economy},
  volume={66},
  number={4},
  pages={281--302},
  year={1958},
  publisher={JSTOR}
}

@article{mincer1962job,
  title={{On-the-job training: Costs, Returns, and Some Implications}},
  author={Mincer, Jacob A},
  journal={The Journal of Political Economy},
  volume={70},
  number={5},
  pages={50--79},
  year={1962},
  publisher={JSTOR}
}

@article{ben1967production,
  title={{The Production of Human Capital and the Life Cycle of Earnings}},
  author={Ben-Porath, Yoram},
  journal={The Journal of Political Economy},
  volume={75},
  number={4},
  pages={352--365},
  year={1967},
  publisher={JSTOR}
}

@article{rosen1976theory,
  title={{A Theory of Life Earnings}},
  author={Rosen, Sherwin},
  journal={The Journal of Political Economy},
  volume={84},
  number={4},
  pages={S45--S67},
  year={1976},
  publisher={JSTOR}
}


